<?xml version="1.0" encoding="UTF-8"?><collection xmlns="http://www.loc.gov/MARC21/slim"><record><leader>00366nam--2200121-i-4500</leader><controlfield tag="001">000007094</controlfield><controlfield tag="002">20161230</controlfield><controlfield tag="005">20170207225209</controlfield><controlfield tag="008">060222s1000------------r-----000-0-eng-d</controlfield><datafield ind1=" " ind2=" " tag="245"><subfield code="a">Colloque sur la recherche a l aide de neutrons pulses. Resumes des memoires</subfield></datafield><datafield ind1=" " ind2=" " tag="260"><subfield code="a">/Vienne</subfield><subfield code="b">Agence Intern.De L Energie Atom</subfield><subfield code="c">1965</subfield></datafield><datafield ind1=" " ind2=" " tag="300"><subfield code="a">/P.Dif.</subfield></datafield><datafield ind1=" " ind2=" " tag="CAT"><subfield code="a">SYS</subfield><subfield code="c">20170207</subfield><subfield code="h">225209</subfield></datafield></record></collection>